@online{gbobrektvgry,
    author = "Grzegorz Bobrek",
    title = "Historyczne bzdury, które na stałe trafiły do gier",
    url  = "https://www.youtube.com/watch?v=-eySMANZ8Ok&t=2s",
    addendum = "(accessed: 24.06.2023)",
    keywords = "latex,bobrek"
} 

@book{olbrzymwcieniu,
    author = "Jan Argasiński and Błażej Augustynek and i inni",
    title = "Olbrzym w cieniu: Gry wideo w kulturze audiowizualnej",
    isbn = {9788323333524},
    year = {2012},
    publisher = {Wydawnictwo Uniwersytetu Jagiellońskiego}
}

@book{shaderscookbook,
  author = "Kenny Lammers",
  title = "Unity Shaders and Effects Cookbook",
  isbn = {97818496695084},
  year = {2013},
  publisher = {Packt Publishing}
}

@book{projektowanie_gier,
  author = "Jeremy Gobson Bond",
  title = "Projektowanie gier przy użyciu środowiska Unity i języka C#. Od pomysłu do gotowej gry. Wydanie II",
  isbn = {9788328342521},
  year = {2010},
  publisher = {Helion}
}
