@article{dx12_2,
   author   =  {{Piotr Piwowarczyk}},
   title    =  "Microsoft DirectX 12 Feature Level 12\_2 - nowa wersja funkcji API \url{https://www.purepc.pl/microsoft-directx-12-feature-level-12-2-nowa-wersja-funkcji-api}",
   urldate  =  "2020-11-02",
}
